<?xml version="1.0" encoding="UTF-8"?><collection xmlns="http://www.loc.gov/MARC21/slim"><record><leader>00444nam--2200133-i-4500</leader><controlfield tag="001">000036992</controlfield><controlfield tag="002">20161230</controlfield><controlfield tag="005">20161230201041</controlfield><controlfield tag="008">060222s1000------------r-----000-0-eng-d</controlfield><datafield ind1=" " ind2=" " tag="080"><subfield code="a">621.039.8(043)</subfield></datafield><datafield ind1=" " ind2=" " tag="100"><subfield code="a">Princz, Ecaterina</subfield></datafield><datafield ind1=" " ind2=" " tag="245"><subfield code="a">Cinetica reactiilor cu transfer de sarcina ale unor ioni de uraniu si aplicatii practice in prepararea unor compusi de uraniu. teza</subfield></datafield><datafield ind1=" " ind2=" " tag="260"><subfield code="a">Bucuresti, Inst.Central De Fiz., 1989, 133p</subfield></datafield><datafield ind1=" " ind2=" " tag="852"><subfield code="a">79212</subfield></datafield></record></collection>